% Notas Imporantes:
% Poner una diagonal investida antes de los siguientes caracteres: #, $, %, ^, &, {, }, ~, [, ], <, >, _
% Caso Particuloar: Diagonal Invertida (\) sustituit por (\textbackslash) y dejar un espacio
% Ver enlace:

@Misc{calculator,
  title = "{Calculadora de Horas}",
  howpublished = "\burl{https://www.calculator.net/hours-calculator.html}",    
    note="{{Consultado el \specialdate\today}}" 
}

@book{fitzpatrick2024,
  author    = {Martin Fitzpatrick},
  title     = {Create GUI Applications with Python \& Qt6 (PyQt6 Edition)},
  edition   = {5th},
  year      = {2024},
  isbn      = {979-8829985554},
  url       = {https://www.pythonguis.com/pyqt6-book/},
  publisher = {Independently published}
}
